<?xml version="1.0" encoding="UTF-8"?><record xmlns="http://www.loc.gov/MARC21/slim" xmlns:cinclude="http://apache.org/cocoon/include/1.0" xmlns:zs="http://www.loc.gov/zing/srw/">
  <leader>00531cz  a2200145n  4500</leader>
  <controlfield tag="001">n 2006015626</controlfield>
  <controlfield tag="003">DLC</controlfield>
  <controlfield tag="005">20120816080349.0</controlfield>
  <controlfield tag="008">060302n| acannaabn          |n aaa      </controlfield>
  <datafield tag="010" ind1=" " ind2=" ">
    <subfield code="a">n 2006015626</subfield>
  </datafield>
  <datafield tag="040" ind1=" " ind2=" ">
    <subfield code="a">DLC</subfield>
    <subfield code="b">eng</subfield>
    <subfield code="c">DLC</subfield>
    <subfield code="d">DLC</subfield>
  </datafield>
  <datafield tag="046" ind1=" " ind2=" ">
    <subfield code="f">1897</subfield>
  </datafield>
  <datafield tag="100" ind1="1" ind2=" ">
    <subfield code="a">Miller, Mary Janet,</subfield>
    <subfield code="c">Sister,</subfield>
    <subfield code="d">1897-</subfield>
  </datafield>
  <datafield tag="667" ind1=" " ind2=" ">
    <subfield code="a">THIS 1XX FIELD CANNOT BE USED UNDER RDA UNTIL THIS RECORD HAS BEEN REVIEWED AND/OR UPDATED</subfield>
  </datafield>
  <datafield tag="670" ind1=" " ind2=" ">
    <subfield code="a">LC database, Mar. 3, 2006:</subfield>
    <subfield code="b">(hdg: Miller, Mary Janet, Sister, 1897- ; usage: Sister Mary Janet Miller, Sister Mary Janet)</subfield>
  </datafield>
</record>